<record><leader>00000cas a2200000 a 4500</leader><controlfield tag="001">42339502</controlfield><controlfield tag="007">hd afb021bucu</controlfield><controlfield tag="007">hd bfb021bubu</controlfield><controlfield tag="008">820405d19uu1918wauwr nea     0   a0eng c</controlfield><datafield ind1=" " ind2=" " tag="010"><subfield code="a">  2004252479</subfield></datafield><datafield ind1=" " ind2=" " tag="040"><subfield code="a">Wa</subfield><subfield code="b">eng</subfield><subfield code="c">WRJ</subfield><subfield code="d">OCL</subfield><subfield code="d">WAU</subfield><subfield code="d">OCLCQ</subfield><subfield code="d">OCLCF</subfield><subfield code="d">OCLCO</subfield></datafield><datafield ind1="1" ind2=" " tag="029"><subfield code="a">AU@</subfield><subfield code="b">000025638374</subfield></datafield><datafield ind1=" " ind2=" " tag="042"><subfield code="a">pcc</subfield></datafield><datafield ind1=" " ind2=" " tag="043"><subfield code="a">n-us-wa</subfield></datafield><datafield ind1="0" ind2=" " tag="082"><subfield code="a">071.9777</subfield><subfield code="2">19</subfield></datafield><datafield ind1="0" ind2="4" tag="245"><subfield code="a">The Kent journal and the Des Moines intercitian</subfield><subfield code="h">[microform].</subfield></datafield><datafield ind1=" " ind2=" " tag="260"><subfield code="a">Kent, Wash. :</subfield><subfield code="b">T. Brownhill,</subfield><subfield code="c">-1918.</subfield></datafield><datafield ind1=" " ind2=" " tag="300"><subfield code="a">v. :</subfield><subfield code="b">ill.</subfield></datafield><datafield ind1=" " ind2=" " tag="310"><subfield code="a">Weekly</subfield></datafield><datafield ind1="0" ind2=" " tag="362"><subfield code="a">-v. 29, no. 5 (Jan. 31, 1918).</subfield></datafield><datafield ind1=" " ind2=" " tag="580"><subfield code="a">Merged with: Kent advertiser (Kent, Wash. : 1911), to form: Kent advertiser-journal and the Des Moines intercitian.</subfield></datafield><datafield ind1=" " ind2=" " tag="588"><subfield code="a">Description based on: Vol. 29, no. 1 (Jan. 3, 1918).</subfield></datafield><datafield ind1=" " ind2=" " tag="533"><subfield code="a">Microfilm.</subfield><subfield code="b">[Seattle, Wash.] :</subfield><subfield code="c">Filmed by University of Washington Library.</subfield><subfield code="e">1 microfilm reel ; 35 mm.</subfield><subfield code="n">Filmed with: Kent advertiser-journal and the Des Moines intercitian.</subfield></datafield><datafield ind1=" " ind2="0" tag="651"><subfield code="a">Kent (Wash.)</subfield><subfield code="v">Periodicals.</subfield></datafield><datafield ind1=" " ind2="7" tag="655"><subfield code="a">Periodicals.</subfield><subfield code="2">fast</subfield><subfield code="0">(OCoLC)fst01411641</subfield></datafield><datafield ind1=" " ind2="7" tag="651"><subfield code="a">Washington (State)</subfield><subfield code="z">Kent.</subfield><subfield code="2">fast</subfield><subfield code="0">(OCoLC)fst01211661</subfield></datafield><datafield ind1=" " ind2=" " tag="752"><subfield code="a">United States</subfield><subfield code="b">Washington</subfield><subfield code="c">King</subfield><subfield code="d">Kent.</subfield></datafield><datafield ind1="1" ind2=" " tag="776"><subfield code="c">Original</subfield><subfield code="w">(DLC)sn 87093344</subfield><subfield code="w">(OCoLC)17245705</subfield></datafield><datafield ind1="0" ind2="0" tag="780"><subfield code="t">Kent journal</subfield><subfield code="w">(DLC)  2004252477</subfield><subfield code="w">(OCoLC)42338874</subfield></datafield><datafield ind1="1" ind2="7" tag="785"><subfield code="t">Kent advertiser (Kent, Wash. : 1911)</subfield><subfield code="w">(DLC)  2004252478</subfield><subfield code="w">(OCoLC)42338946</subfield></datafield><datafield ind1="1" ind2="7" tag="785"><subfield code="t">Kent advertiser-journal and the Des Moines intercitian</subfield><subfield code="w">(DLC)  2004252480</subfield><subfield code="w">(OCoLC)42339431</subfield></datafield></record>